@book{oppenheim,
 author = {Oppenheim, Alan V. and Schafer, Ronald W.},
 title = {Discrete-time Signal Processing (3rd Ed.)},
 year = {2010},
 isbn = {0-13-198842-5},
 publisher = {Prentice-Hall, Inc.},
 address = {Upper Saddle River, NJ, USA},
} 

@inproceedings{hass,
 author = {Hassanieh, Haitham and Indyk, Piotr and Katabi, Dina and Price, Eric},
 title = {Simple and Practical Algorithm for Sparse Fourier Transform},
 booktitle = {Proceedings of the Twenty-third Annual ACM-SIAM Symposium on Discrete Algorithms},
 series = {SODA '12},
 year = {2012},
 pages = {1183--1194},
 url = {http://dl.acm.org/citation.cfm?id=2095116.2095209},
 publisher = {SIAM},
} 

@article{gilbert,
 AUTHOR = "Gilbert, A.C. and Indyk, P. and Iwen, M. and Schmidt, L.",
 TITLE = "Recent Developments in the Sparse Fourier Transform",
 JOURNAL = "IEEE Signal Processing Magazine",
 VOLUME = "31",
 YEAR = "2014",
 NUMBER = "5",
 MONTH = "September",
 PAGES = "91-100",
}

@unpublished{lecture,
  Author = {Novey, Michael},
  Institution = {University of Maryland Baltimore Campus},
  Howpublished = {University Lecture},
  Year = {2015},
  Title = {Sparse FFT Lecture Slides},
}

